@misc{ibm2020,
  title       = {Containerization of legacy applications},
  institution = {IBM},
  author = {Geert-Willem Haasjes},
  lastchecked = {8.02.2021},  
  year        = {2020},
  note        = {\url{https://developer.ibm.com/technologies/containers/articles/containerization-of-legacy-applications/}, accessed on December 2020}
}

@misc{techbeacon2020,
  title       = {Open source leads to DevOps success},
  author = {Jay Lyman},
  institution = {Techbeacon},
  lastchecked = {8.02.2021},  
  year        = {2020},
  note        = {\url{https://techbeacon.com/devops/open-source-leads-devops-success}, accessed on December 2020}
}

@misc{techspective2016,
  title       = {The Symbiotic Relationship of DevOps and Open Source},
  institution = {Techspective},
  author      = {Tony Bradley},
  lastchecked = {8.02.2021},  
  year        = {2016},
  note        = {\url{https://techspective.net/2016/06/01/symbiotic-relationship-devops-open-source/}, accessed on December 2020}
}

@article{eeles2006,
  author  = {Peter Eeles},
  title   = {What is a software architecture?},
  year    = {2006},
  address = {USA}
}

@article{fowler2019,
  author  = {Danilo Sato and Arif Wider and Christoph Windheuser},
  title   = {Continuous Delivery for Machine Learning},
  year    = {2019},
  address = {USA}
}

@article{cascio2016,
  author  = {Wayne Cascio and Ramiro Montealegre},
  title   = {How Technology Is Changing Work and Organizations},
  year    = {2016},
  address = {The Business School, University of Colorado, Denver - Colorado 80217}
}

@misc{noosfero,
  author       = {Noosfero Contributors},
  title        = {Noosfero},
  year         = {2007},
  publisher    = {GitHub},
  journal      = {GitHub repository},
  howpublished = {\url{https://gitlab.com/noosfero/noosfero}},
  commit       = {546e51887294b132d397c81011006393961cea67}
}

@book{sommerville2015,
  author    = {Ian Sommerville},
  title     = {Software Engineering, Tenth Edition},
  year      = {2015},
  isbn      = {0133943038},
  edition   = {10th},
  publisher = {Pearson; 10th edition (March 24, 2015)},
  address   = {USA}
}

@article{infosys2018,
  author  = {Gangadhar Hari Rao},
  title   = {DEVOPS FOR LEGACY SYSTEMS – THE DEMAND OF THE CHANGING APPLICATIONS LANDSCAPE},
  year    = {2018},
  address = {Infosys Limited, Bengaluru, India}
}

@article{khanam2018,
  author  = {Zeba Khanam},
  title   = {ANALYZING REFACTORING TRENDS AND PRACTICES IN THE SOFTWARE INDUSTRY},
  year    = {2018},
  address = {Saudi Electronic University - Dammam, KSA}
}

@article{rajlich2018,
  author  = {Václav Rajlich},
  title   = {Five recommendations for software evolvability},
  year    = {2018},
  address = {Department of Computer Science, Wayne State University - Detroit, MI, U.S.A.}
}

@article{bayrak2006,
  author  = {Chia-Chu Chiang and Coskun Bayrak},
  title   = {Legacy Software Modernization},
  year    = {2006},
  address = {2006 IEEE Conference on Systems, Man, and Cybernetics - Taipei, Taiwan}
}

@article{errickson2003,
  author  = {B. Errickson-Connor},
  title   = {Truth or Consequences},
  year    = {2003},
  address = {Z/Journal}
}

@article{zeba2011,
  author  = {S.A.M.Rizvi and Zeba Khanam},
  title   = {A Methodology for Refactoring Legacy Code},
  year    = {2011},
  address = {Department of Computer Science; Jamia Millia Islamia - New Delhi, India}
}

@misc{smartsheet2020,
  title       = {The Way of DevOps: A Primer on DevOps Principles and Practices},
  author = {Smartsheet},
  institution = {Smartsheet},
  lastchecked = {8.02.2021},
  year        = {2020},
  note        = {\url{https://www.smartsheet.com/devops}, accessed on November 2019}
}

@misc{thoughtworks2017devops,
  title       = {Getting into DevOps: Part 1},
  institution = {ThoughtWorks},
  author      = {Carlos Nuñez},
  year        = {2017},
  lastchecked = {8.02.2021},
  note        = {\url{https://www.thoughtworks.com/insights/blog/getting-devops}, accessed on October 2019.}
}

@article{bogner2019assuring,
  author  = {Justus Bogner and Jonas Fritzsch and Stefan Wagner and Alfred Zimmermann},
  title   = {Assuring the Evolvability of Microservices: Insights into Industry Practices and Challenges},
  year    = {2014},
  address = {2019 IEEE International Conference on Software Maintenance and Evolution (ICSME), Cleveland, OH, USA}
}

@misc{amazon2020,
  title       = {What is DevOps},
  institution = {Amazon},
  author      = {Amazon},
  lastchecked = {8.02.2021},
  year        = {2020},
  note        = {\url{https://aws.amazon.com/devops/what-is-devops/?nc1=h_ls}, accessed on October 2020.}
}

@article{pinto2020,
  author  = {Luıs Amaral and Marcos C. Oliveira and Welder Luz and Jose Fortes and Rodrigo Bonifacio and Daniel Alencar and Eduardo Monteiro and Gustavo Pinto and David Lo},
  title   = {Open Source Software vs Proprietary Software},
  year    = {2020},
  address = {Guru Kashi University - Talwandi Saboo, Bathinda}
}

@misc{thoughtworks2017,
  title       = {Legacy in a box},
  institution = {ThoughtWorks},
  year        = {2017},
  note        = {\url{https://www.thoughtworks.com/radar/techniques/legacy-in-a-box}, accessed on October 2019.}
}

@misc{railsguides,
  title       = {Upgrading Ruby on Rails},
  author      = {Rails Team},
  institution = {Rails Guides},
  year        = {unknown},
  lastchecked = {8.02.2021},
  note        = {\url{https://guides.rubyonrails.org/upgrading_ruby_on_rails.html}, accessed on October 2019.}
}

@misc{oss2019,
  author = {opensource.com},
  institution = {opensource.com},
  title  = {What is open source software? | Opensource.com},
  year   = {2019},
  lastchecked = {8.02.2021},
  note   = {\url{https://opensource.com/resources/what-open-source}, accessed on December 2019.}
}

@misc{docker2018,
  author = {Jenny Fong},
  institution = {Docker },
  title  = {Are Containers Replacing Virtual Machines?},
  year   = {2018},
  lastchecked = {8.02.2021},
  note   = {\url{https://www.docker.com/blog/containers-replacing-virtual-machines/}, accessed on December 2019.}
}

@misc{golden2019,
  author = {Bernard Golden},
  institution = {Tech Beacon},
  title  = {3 reasons why you should always run microservices apps in containers},
  lastchecked = {8.02.2021},
  year   = {2019},
  note   = {\url{https://techbeacon.com/app-dev-testing/3-reasons-why-you-should-always-run-microservices-apps-containers}, accessed on December 2019.}
}

@misc{chima2016,
  author = {Raspal Chima},
  institution = {BB Consult},
  title  = {Legacy Software: How To Tell If Your Software Needs Replacing},
  lastchecked = {8.02.2021},
  year   = {2016},
  note   = {\url{https://www.bbconsult.co.uk/blog/legacy-software}, accessed on December 2019.}
}

@misc{vassit2018,
  title = {6 Key Challenges of DevOps Implementation},
  institution = {Vassit},
  author = {Vassit},
  year  = {2016},
  note  = {\url{http://blog.vassit.co.uk/6-key-challenges-of-implementing-a-devops-strategy}, accessed on January 2020.}
}

@misc{thoughtworks2019,
  title       = {CONTINUOUS INTEGRATION},
  author = {ThoughtWorks},
  institution = {ThoughtWorks},
  lastchecked = {8.02.2021},
  year        = {2019},
  note        = {\url{https://www.thoughtworks.com/continuous-integration}, accessed on October 2019.}
}

@misc{redhat,
  author      = {Red Hat},
  title       = {What is CI/CD?},
  institution = {Red Hat},
  lastchecked = {8.02.2021},
  note        = {\url{https://www.redhat.com/en/topics/devops/what-is-ci-cd}, accessed on December 2019.}
}

@article{bansal2015,
  author  = {Amandeep Singh and R.K Bansal and Neetu Jha},
  title   = {Open Source Software vs Proprietary Software},
  year    = {2015},
  address = {Guru Kashi University - Talwandi Saboo, Bathinda}
}

@article{evans2016,
  author  = {Nuha Alshuqayran and Nour Ali and Roger Evans},
  title   = {A Systematic Mapping Study in Microservice Architecture},
  year    = {2016},
  address = {Computing Engineering and Mathematics - University of Brighton - Brighton, UK}
}

@article{saugatuck2014,
  author  = {Saugatuck Technology Incorporated},
  title   = {Why DevOps Matters: Practical Insights on Managing Complex & Continuous Change},
  year    = {2014},
  address = {Saugatuck Technology Inc.}
}

@article{show1993,
  author  = {David Garlan and Mary Show},
  title   = {An Interoduction to Software Architecture},
  year    = {1993},
  address = {World Scientific Publishing Co Pte Ltd}
}

@article{meyer2014,
  author  = {Mathias Meyer},
  title   = {Continuous Integration and Its Tools},
  year    = {2014},
  address = {IEEE SOFTWARE}
}

@article{zhu2016,
  author  = {Liming Zhu and Len Bass and George Champlin-Scharff},
  title   = {DevOps and Its Practices},
  year    = {2016},
  address = {IEEE SOFTWARE}
}

@article{gholami2017,
  author  = {Mahdi Fahmideh Gholami and Farhad Daneshgar and Ghassan Beydounb andFethi Rabhi},
  title   = {Key challenges during legacy software system migration to cloud computing platforms — an empirical study},
  year    = {2017},
  address = {University of New South Wales, Sydney, Australia}
}

@article{worth2003,
  author  = {Dr C Greenough and Dr DJ Worth},
  title   = {The Transformation of Legacy Software: Some Tools and a Process},
  year    = {2003},
  address = {EngiUniversity of New South Wales, Sydney, Australianeering and Physical Sciences Research Council}
}

@article{rossi2019,
  author  = {Fabiana Rossi and Matteo Nardelli and Valeria Cardellini},
  title   = {Horizontal and Vertical Scaling of Container-based Applications using Reinforcement Learning},
  year    = {2019},
  address = {Dept. of Computer Science and Civil Engineering - University of Rome Tor Vergata, Italy}
}

@article{merkel2014,
  author  = {Dirk Merkel},
  title   = {Docker: Lightweight Linux Containers for Consistent Development and Deployment},
  journal = {Linux Journal},
  year    = {2014},
  address = {Houston, TX}
}

@article{bashari2017,
  author  = {Babak Bashari Rad and Harrison John Bhatti and Mohammad Ahmadi},
  title   = {An Introduction to Docker and Analysis of its Performance},
  year    = {2017},
  address = {Asia Pacific University of Technology and Innovation Technology Park Malaysia, Kuala Lumpur, Malaysia}
}

@article{shahin2017,
  author  = {Mojtab Shahin and Muhammad A. Babar and Liming Zhu},
  title   = {Continuous Integration, Delivery and Deployment: A Systematic Review on Approaches, Tools, Challenges and Practices},
  year    = {2017},
  address = {The Centre for Research on Engineering Software Technologies, The University of Adelaide, Australia}
}

@article{namiot2014,
  author  = {Dmitry Namiot and Manfred Sneps-Sneppe},
  title   = {On Micro-services Architecture},
  year    = {2014},
  address = {International Journal of Open Information Technologies}
}

@book{kennedy2013,
  author    = {W. Alex Edmonds and Thomas D. Kennedy},
  title     = {An applied guide to research designs : quantitative, qualitative, and mixed methods},
  year      = {2013},
  isbn      = {1483317277, 978-1483317274},
  edition   = {2nd},
  publisher = {SAGE Publications, Inc; Second edition (May 30, 2016)},
  address   = {Nova Southeastern University, USA}
}

@book{dobbert1982,
  author    = {Marion Lundy Dobbert},
  title     = {Ethnographic research: Theory and application for modern schools and societies (Praeger studies in ethnographic perspectives on American education)},
  year      = {2013},
  isbn      = {0030614732, 978-0030614736},
  edition   = {1st},
  publisher = {Praeger (January 1, 1982)},
  address   = {Nova Southeastern University, USA}
}

@book{google2016,
  author    = {Niall Murphy},
  title     = {Site Reliability Engineering book},
  year      = {2016},
  isbn      = {149192912X, 978-1491929124},
  edition   = {1st},
  publisher = {O'Reilly Media; 1st edition (April 26, 2016)},
  address   = {Google Ireland}
}
google2017

@article{yin2009,
  author  = {Yin R. K.},
  title   = {Case study research, design and methods (applied social research methods)},
  year    = {2009},
  address = {Thousand Oaks. California: Sage Publications.}
}

@article{branski2012,
  author  = {Regina Meyer Branski and Raul Arellano Caldeira Franco and Orlando Fontes Lima Jr.},
  title   = {METODOLOGIA DE ESTUDO DE CASOS APLICADA À LOGÍSTICA},
  year    = {2012},
  address = {Universidade Estadual de Campinas (UNICAMP)}
}

@article{erb2010,
  author  = {Stephan Erb},
  title   = {A Survey of Software Refactoring Tools},
  year    = {2010},
  address = {Baden-Württemberg Cooperative State University, Karlsruhe}
}

@article{jamshid2016,
  author  = {Armin Balalaie and Abbas Heydarnoori and Pooyan Jamshid},
  title   = {Microservices Architecture Enables DevOps: An Experience Report
on Migration to a Cloud-Native Architecture},
  year    = {2016},
  address = {International Journal of Open Information Technologies}
}

@article{rocha2019,
  author  = {Leonardo Leite and Carla Rocha and Fabio Kon and Dejan Milojicic and Paulo Meirelles},
  title   = {A Survey of DevOps Concepts and Challenges},
  year    = {2019},
  address = {ACM Computing Surveys}
}

@article{porres2015,
  author  = {Jens Smeds and Kristian Nybom and Ivan Porres},
  title   = {DevOps: A Definition and Perceived Adoption Impediments},
  year    = {2015},
  address = {Lecture Notes in Business Information Processing vol 212 Springer Cham}
}

@article{gerosa2010,
  author  = {Mauricio Finavaro Aniche and Thiago Miranda Ferreira and Marco Aurelio Gerosa},
  title   = {What Concerns Beginner Test-Driven Development Practitioners:
A Qualitative Analysis of Opinions in an Agile Conference},
  year    = {2010},
  address = {Department of Computer Science Institute of Mathematics and Statistics University
of Sao Paulo}
}

@article{radigan2015,
  author  = {Dan Radigan},
  title   = {A brief introduction to kanban},
  year    = {2015},
  address = {}
}

@inproceedings{fowler2002,
  author    = {Martin Fowler and Kent Beck},
  title     = {What Is Refactoring?},
  year      = {2002},
  pages     = {9},
  booktitle = {Refactoring: Improving the Design of Existing Code},
  volume    = {1}
}

@patent{sinander2002,
  author = {Niklas Sinander},
  title  = {SOFTWARE UPGRADE},
  number = {US6385770B1},
  type   = {patentus},
  date   = {2002-05-7}
}

@manual{inmetro2003,
  author  = {INMETRO},
  title   = {Vocabulário internacional de termos fundamentais e gerais de
	metrologia},
  year    = {2013},
  address = {Rio de Janeiro, Brasil},
  pages   = {75},
  isbn    = {85-87090-90-9}
}

@inproceedings{soviero1997,
  author    = {P. A. O. Soviero and L. G. M. Lavagna},
  title     = {A Numerical Model for Thin Airfoils in Unsteady Motion},
  year      = {1997},
  pages     = {332-340},
  volume    = {19},
  number    = {3},
  booktitle = {Journal of the Brazilian Societyt Mechanical Sciences}
}

@inproceedings{sparrow1980,
  author    = {E. M. Sparrow},
  title     = {Forced Convection Heat Transfer in a Duct Having Spanwise-Periodic
	Rectangular Protuberances},
  year      = {1980},
  pages     = {149-167},
  volume    = {3},
  booktitle = {Numerical Heat Transfer}
}

@article{clark1986,
  author  = {J. A. Clark},
  title   = {Private Communication},
  year    = {1986},
  address = {University of Michigan}
}

@article{arruda2007,
  author = {M. B. B. Arruda},
  title  = {Como fazer referências: bibliográficas, eletrônicas e demais
	formas de documentos},
  year   = {2007},
  url    = {http://bu.ufsc.br/framerefer.html}
}

@article{coimbra1978,
  author  = {A. L. Coimbra},
  title   = {Lessons of Continuum Mechanics},
  year    = {1978},
  address = {São Paulo, Brazil},
  pages   = {428},
  editor  = {Edgard Blücher}
}

@inproceedings{bordalo1989,
  author    = {S. N. Bordalo and J. H. Ferziger and S. J. Kline},
  title     = {The Development of Zonal Models for Turbulence},
  year      = {1989},
  pages     = {41-44},
  booktitle = {Proceedings of the 10th Brazilian Congress of Mechanical
	Engineering},
  volume    = {1}
}

@manual{NBR14724:2011,
  address       = {Rio de Janeiro},
  date-added    = {2012-12-15 20:34:08 +0000},
  date-modified = {2012-12-15 20:35:25 +0000},
  month         = mar,
  org-short     = {ABNT},
  organization  = {Associa{\c c}\~ao Brasileira de Normas T\'ecnicas},
  pages         = 15,
  subtitle      = {Informa{\c c}\~ao e documenta{\c c}\~ao --- trabalhos acad\^emicos --- apresenta{\c c}\~ao},
  title         = {{NBR} 14724},
  year          = 2011
}

@manual{NBR6034:2000,
  address      = {Rio de Janeiro},
  org-short    = {ABNT},
  organization = {Associa{\c c}\~ao Brasileira de Normas T\'ecnicas},
  subtitle     = {Informa{\c c}\~ao e documenta{\c c}\~ao --- Referências},
  title        = {{NBR} 14724},
  year         = 2000
}

@book{Sommerville2007,
  author    = {Sommerville, Ian},
  title     = {Software Engineering},
  year      = {2007},
  isbn      = {978-0-321-31379-9, 0-321-31379-8},
  edition   = {9th},
  publisher = {Addison-Wesley Publishing Company},
  address   = {USA}
}


